<record><leader>00000cas a22000007a 4500</leader><controlfield tag="001">21486262</controlfield><controlfield tag="008">900507d192u19uuaruwr ne      0    0eng d</controlfield><datafield ind1=" " ind2=" " tag="010"><subfield code="a">sn 90050168 </subfield></datafield><datafield ind1=" " ind2=" " tag="040"><subfield code="a">ANU</subfield><subfield code="b">eng</subfield><subfield code="c">ANU</subfield><subfield code="d">OCLCQ</subfield></datafield><datafield ind1=" " ind2=" " tag="042"><subfield code="a">msc</subfield></datafield><datafield ind1="0" ind2="4" tag="245"><subfield code="a">The County seat broadcaster.</subfield></datafield><datafield ind1=" " ind2=" " tag="260"><subfield code="a">Mount Ida, Ark. :</subfield><subfield code="b">T. Delos Mullins</subfield></datafield><datafield ind1=" " ind2=" " tag="300"><subfield code="a">v.</subfield></datafield><datafield ind1=" " ind2=" " tag="310"><subfield code="a">Weekly</subfield></datafield><datafield ind1=" " ind2=" " tag="588"><subfield code="a">Description based on: June 26, 1924.</subfield></datafield><datafield ind1=" " ind2="4" tag="651"><subfield code="a">Mount Ida (Ark.)</subfield><subfield code="v">Newspapers.</subfield></datafield><datafield ind1=" " ind2=" " tag="752"><subfield code="a">United States</subfield><subfield code="b">Arkansas</subfield><subfield code="c">Montgomery</subfield><subfield code="d">Mount Ida.</subfield></datafield><datafield ind1="0" ind2="0" tag="780"><subfield code="t">Montgomery County Democrat (Mount Ida, Ark.)</subfield><subfield code="w">(DLC)sn 89051229</subfield></datafield><datafield ind1="1" ind2=" " tag="029"><subfield code="a">AU@</subfield><subfield code="b">000025903142</subfield></datafield></record>